@book{banditbook,
  author    = {Tor Lattimore and Csaba Szepesv√°ri},
  title     = {Bandit Algorithms},
  publisher = {Cambridge University Press},
  year      = {2020},
}

@misc{open,
      title={Open Problem: Tight Bounds for Kernelized Multi-Armed Bandits with Bernoulli Rewards}, 
      author={Marco Mussi and Simone Drago and Alberto Maria Metelli},
      year={2024},
      eprint={2407.06321},
      archivePrefix={arXiv},
      primaryClass={stat.ML},
      url={https://arxiv.org/abs/2407.06321}, 
}

@phdthesis{phd,
  author = {Yasin Abbasi-Yadkori},
  school = {University of Alberta},
  title = {Online Learning for Linearly Parametrised Control Problems},
  year = {2012},
}
@article{conc,
  author       = {Francis R. Bach},
  title        = {Self-concordant analysis for logistic regression},
  journal      = {CoRR},
  volume       = {abs/0910.4627},
  year         = {2009},
  url          = {http://arxiv.org/abs/0910.4627},
  eprinttype    = {arXiv},
  eprint       = {0910.4627},
  timestamp    = {Mon, 13 Aug 2018 16:47:21 +0200},
  biburl       = {https://dblp.org/rec/journals/corr/abs-0910-4627.bib},
  bibsource    = {dblp computer science bibliography, https://dblp.org}
}
