@book{banditbook,
  author    = {Tor Lattimore and Csaba Szepesv√°ri},
  title     = {Bandit Algorithms},
  publisher = {Cambridge University Press},
  year      = {2020},
}

@misc{open,
  author = {Marco Mussi, Simone Drago, Alberto Maria Metelli},
  howpublished = {paper},
  title = {Open Problem: Tight Bounds for Kernelized Multi-Armed Bandits with Bernoulli Rewards},
  year = {2024}
}

@phdthesis{phd,
  author = {Yasin Abbasi-Yadkori},
  school = {University of Alberta},
  title = {Online Learning for Linearly Parametrised Control Problems},
  year = {2012},
}
